@article{hydra1,
	author    = {Karima Echihabi and
	Kostas Zoumpatianos and
	Themis Palpanas and
	Houda Benbrahim},
	title     = {{The Lernaean Hydra of Data Series Similarity Search: An Experimental Evaluation of the State of the Art}},
	journal   = {{PVLDB}},
	volume    = {12},
	number    = {2},
	year      = {2018}
}

@misc{url/comics/grad-output,
	author = {{PhDComics}},
	title = {{Graduate Student Work Output}},
	howpublished = {\url{https://phdcomics.com/comics/archive.php?comicid=124}},
	year = {2022},
}
